























@article{Patil.16,
author = {Patil, Priyadarshini and Narayankar, Prashant and D.G., Narayan and S.M., Meena},
title = {A Comprehensive evaluation of cryptographic algorithms: DES, 3DES, AES, RSA and Blowfish},
journal = {Procedia Computer Science},
year = {2016},
volume = {78},
pages = {617-624},
doi = {10.1016/j.procs.2016.02.108},
url = {https://www.sciencedirect.com/science/article/pii/S1877050916001101}
}

@article{Gencoglu.19,
author = {Gençoğlu, M. Tuncay},
title = {Importance of Cryptography in Information Security},
journal = {IOSR Journal of Computer Engineering (IOSR-JCE)},
year = {2019},
pages = {65-68},
doi = {10.9790/0661-2101026568},
url = {https://www.researchgate.net/publication/331641251}
}

@incollection{Conrad.17,
author = {Conrad, Eric and Misenar, Seth and Feldman, Joshua},
title = {Chapter 3 - Domain 3: Security engineering},
booktitle = {Eleventh Hour CISSP®},
publisher = {Syngress},
edition = {3rd},
year = {2017},
pages = {47-93},
isbn = {978-0-12-811248-9},
doi = {10.1016/B978-0-12-811248-9.00003-6},
url = {https://www.sciencedirect.com/science/article/pii/B9780128112489000036}
}

@masterthesis{Resende.14,
author = {Resende, João Carlos Cabrita},
title = {Flexible and compact muti-algorithm cryptographic engine},
school = {Instituto Superior Técnico da Universidade de Lisboa},
year = {2014},
url = {https://scholar.tecnico.ulisboa.pt/records/BskD95YefV8z8ZW4In6pdy4jrKNvzjXQdhyB}
}

@masterthesis{Azevedo.13,
author = {Azevedo, Rodrigo Adriano Magalhães},
title = {Implementação de sistemas de encriptação AES Advanced Encryption Standard em hardware para segurança},
school = {Universidade do Minho},
year = {2013},
uri = {https://hdl.handle.net/1822/40046}
}

@inbook{Bernstein.08,
author = {Bernstein, Daniel J.},
title = {The Salsa20 family of stream ciphers},
booktitle = {New stream cipher designs: The eSTREAM finalists},
publisher = {Springer Berlin Heidelberg},
year = {2008},
pages = {84-97},
editor = {Robshaw, Matthew and Billet, Olivier},
isbn = {978-3-540-68351-3},
doi = {10.1007/978-3-540-68351-3_8},
url = {https://doi.org/10.1007/978-3-540-68351-3_8}
}

@masterthesis{Semenov.20,
author = {Semenov, Igor},
title = {An implementation of ChaCha20 stream cypher in all-programmable SoCs},
school = {University of Alabama in Huntsville},
year = {2020},
uri = {https://louis.uah.edu/uah-theses/327}
}

@article{Lima,
author = {Lima, Públio M. and da Silva, Carlos K. P. and de Farias, Claudio M. and Carvalho, Lilian K. and Moreira, Marcos V.},
title = {Uso da cifra de fluxo ChaCha20 em redes de automação}
}

@incollection{Johnson.20,
author = {Johnson, Leighton},
title = {Chapter 11 - Security component fundamentals for assessment},
booktitle = {Security controls evaluation, testing, and assessment handbook},
publisher = {Academic Press},
edition = {2nd},
year = {2020},
pages = {471-536},
isbn = {978-0-12-818427-1},
doi = {10.1016/B978-0-12-818427-1.00011-2},
url = {https://www.sciencedirect.com/science/article/pii/B9780128184271000112},
}





@article{google,
  title={O que é a criptografia?},
  author={Google},
  publisher={Google}
}



@article{ww2,
  author          = {nationalmuseum},
  journal         = {nationalmuseum},
  
  title           = {War of Secrets: Cryptology in WWII},
  
  
}

@article{apple,
  author          = {Arjun Kharpal},
  journal         = {CNBC},

  title           = {Apple vs FBI: All you need to know},
  
  year            = {2016}
}






@article{stats,
  author          = {Charles Griffiths},
  title           = {The Latest 2023 Cyber Crime Statistics},

}